%%% Months
@string{JAN = "January"} 
@string{FEB = "February"} 
@string{MAR = "March"} 
@string{APR = "April"} 
@string{MAY = "May"} 
@string{JUN = "June"} 
@string{JUL = "July"} 
@string{AUG = "August"} 
@string{SEP = "September"} 
@string{OCT = "October"} 
@string{NOV = "November"}
@string{DEC = "December"}

%%% Journals
@string{ACMTCS = "ACM Trans. Computer Systems"} 
@string{CC = "Computer Communications"} 
@string{CN = "Computer Networks"}
@string{IEEEJSAC = "IEEE J. on Selected Areas in Communications"}
@string{IEEETAC = "IEEE Trans. Automatic Control"} 
@string{IEEETN = "IEEE/ACM Trans. Networking"} 
@string{IEEETCOM = "IEEE Trans. Communications"} 
@string{IEEETIT = "IEEE Trans. Information Theory"}
@string{IJDACS = "International Journal on Digital and Analog Communication Systems"} 
@string{IJCS = "International Journal on Communication Systems"} 
@string{INTERNETWORK = "Journal of Internetworking: Research and Experience"} 
@string{IPJ = "Internet Protocol Journal"} 
@string{JACM = "J. of the ACM"} 
@string{JORS = "J. of Operational Research Society"} 
@string{MTA = "Multimedia Tools and Applications"} @string{PIEEE = "Proceedings of the IEEE"}

%%% Magazines
@string{CACM = "Communications of the ACM"} 
@string{CCR = "ACM SIGCOMM Computer Communication Review"} 
@string{COMPUTER = "IEEE Computer Magazine"} 
@string{IEEECOM = "IEEE Communication Magazine"}
@string{IEEENET = "IEEE Network Magazine"}

%%% Conferences
@string{CDC = "Proc. IEEE Conference on Decision and Control"}
@string{CISS = "Proc. Conference on Information Sciences and Systems"} 
@string{CoNEXT = "Proc. CoNEXT"} 
@string{FDNA = "ACM SIGCOMM Workshop on Future Directions in Network Architecture"}
@string{FTCS = "Proc. International Symposium on Fault-Tolerant Computing"} 
@string{GINET = "Proc. IEEE Global Internet Symposium"}
@string{GLOBECOM = "Proc. IEEE GLOBECOM"} 
@string{HOTNETS = "Proc. SIGCOMM Workshop on Hot Topics in Networking"} 
@string{HSNMC="Proc. High Speed Networking and Multimedia Computing Symp."} 
@string{ICC = "Proc. International Conference on Communications"} 
@string{ICDCS = "Proc. International Conference on Distributed Computing Systems"}
@string{ICNP = "Proc. International Conference on Network Protocols"} 
@string{IMA = "Proc. IMA Workshop on Measurement and Modeling of the Internet"} 
@string{IMC = "Proc. Internet Measurement Conference"} 
@string{IMW = "Proc. Internet Measurement Workshop"}
@string{INET = "Proc. INET"} 
@string{INFOCOM = "Proc. IEEE INFOCOM"}
@string{INM = "Proc. Workshop on Internet Network Management"} 
@string{ITCOM = "Proc. Workshop on Scalability and Traffic Control in IP Networks, SPIE ITCOM Conference"} 
@string{ITC = "Proc. International Teletraffic Congress"} 
@string{NSDI = "Proc. USENIX NSDI"}
@string{PAM = "Proc. Passive and Active Measurement Workshop"}
@string{SIGCOMM = "Proc. ACM SIGCOMM"} 
@string{SIGMETRICS = "Proc. ACM SIGMETRICS"} 
@string{USITS = "Proc. USENIX Symposium on Internet Technologies and Systems"}
@string{HOT-ICE = "Proc. HotICE Workshop"}
@string{HOT-SDN = "Proc. HotSDN Workshop"}
@string{HOT-NETS = "Proc. HotNets Workshop"}

%%% Publishers
@string{AS="Athena Scientific"} @string{AW="Addison-Wesley"}
@string{BH="Birkhauser"} @string{CP="Cisco Press"}
@string{PH="Prentice Hall"} @string{OR="O'Reilly"}
@string{SV="Springer-Verlag"}

%%% Standards
@string{IETF = "IETF"} 
@string{RFC = "RFC"}


@misc{vlan,
  title={802.1 Q/D10, IEEE Standards for Local and Metropolitan Area Networks: Virtual Bridged Local Area Networks, Copyright by the Institute of Electrical and Electronics Engineers},
  author={Draft Standard, P},
  year={1997},
  publisher={Inc}
}

@article{mpls,
  title={RFC3031},
  author={Rosen, E and Viswanathan, A and Callon, R},
  journal={Multiprotocol label switching architecture},
  year={2001}
}

@book{davie2000mpls,
  title={MPLS: technology and applications},
  author={Davie, Bruce S and Rekhter, Yakov},
  year={2000},
  publisher={San Francisco}
}

@book{abramson,
  title={Information theory and coding},
  author={Abramson, Norman},
  year={1963},
  publisher={McGraw-Hill}
}

@inproceedings{alpaca,
 author = {Kang, Nanxi and Rottenstreich, Ori and Rao, Sanjay and Rexford, Jennifer},
 title = {Alpaca: Compact Network Policies with Attribute-carrying Addresses},
 booktitle = {Proceedings of the 11th ACM Conference on Emerging Networking Experiments and Technologies},
 series = {CoNEXT '15},
 year = {2015},
 isbn = {978-1-4503-3412-9},
 location = {Heidelberg, Germany},
 pages = {7:1--7:13},
 articleno = {7},
 numpages = {13},
 url = {http://doi.acm.org/10.1145/2716281.2836092},
 doi = {10.1145/2716281.2836092},
 acmid = {2836092},
 publisher = {ACM},
 address = {New York, NY, USA},
} 



@article{kotronis2014control,
 author = {Vasileios Kotronis and Xenofontas Dimitropoulos and Rowan Kl{\"o}ti and Bernhard Ager and Panagiotis Georgopoulos and Stefan Schmid},
 title = {Control Exchange Points: Providing QoS-enabled End-to-End Services via SDN-based Inter-domain Routing Orchestration},
 booktitle = {Presented as part of the Open Networking Summit 2014 (ONS 2014)},
 year = {2014},
 address = {Santa Clara, CA},
 url = {https://www.usenix.org/conference/ons2014/technical-sessions/presentation/kotronis},
 publisher = {USENIX},
}

@inproceedings{stringer2014cardigan,
 author={Stringer, J. and Pemberton, D. and Qiang Fu and Lorier, C. and Nelson, R. and Bailey, J. and Correa, C.N.A. and Esteve Rothenberg, C.}, 
 booktitle={Computers and Communication (ISCC), 2014 IEEE Symposium on}, 
 title={Cardigan: SDN distributed routing fabric going live at an Internet exchange}, 
 year={2014}, 
 pages={1-7}, 
 keywords={IP networks;Internet;telecommunication network routing;Cardigan;OpenFlow implementations;RouteFlow controlled IP network;SDN distributed routing fabric;distributed router;network control;network research;operational complexity;packet forwarding;public Internet exchange;service abstraction;software-defined networking;IP networks;Logic gates;Multiprotocol label switching;Production;Routing;Routing protocols;Switches}, 
 doi={10.1109/ISCC.2014.6912501}, 
 month={June},
 organization={IEEE}
}


@misc{LISP-RFC,
  author = {D. Farinacci and V. Fuller and D. Meyer and D. Lewis},
  title = {The Locator/ID Separation Protocol (LISP)},
  howpublished = {Internet Requests for Comments},
  type = {RFC},
  number = {6830},
  year = {2013},
  month = {January},
  issn = {2070-1721},
  publisher = {RFC Editor},
  institution = {RFC Editor},
  url = {http://www.rfc-editor.org/rfc/rfc6830.txt},
  note = {\url{http://www.rfc-editor.org/rfc/rfc6830.txt}},
}


@misc{ris,
   author = "{RIPE Routing Information Service (RIS)}",
   note = "{\url{http://www.ripe.net/ris}}",
 }

 
 
@misc{rsets-repo,
	author = "{RSets GitHub Repo}",
	note = "{\url{https://github.com/ADDTHIS}}",
 }
 
@misc{coursera15,
   author = "{Coursera SDN Course, 2015}",
   note = "{\url{https://www.coursera.org/course/sdn1}}"
 }

@misc{coursera15github,
  author = "{Coursera SDN Course 2015, SDX Assignment}",
  note = "{\url{https://github.com/PrincetonUniversity/Coursera-SDN/tree/master/assignments/sdn-ixp}}"
}
 
 
@misc{sdx-nsf,
   author = "{Workshop on Prototyping and Deploying Experimental Software Defined Exchanges}",
   note = "{\url{https://www.nitrd.gov/nitrdgroups/images/4/4d/SDX_Workshop_Proceedings.pdf}}"
 }

@misc{linton-cardigan,
   author = "{Using SDN to build next-generation IX}",
   note = "{\url{https://www.netnod.se/sites/default/files/Using SDN to build next-generation IX-Linton_0.pdf}}"
 }

@article{cardigan,
  title={Cardigan: Deploying a Distributed Routing Fabric},
  author={Stringer, Jonathan and Fu, Qiang and Lorier, Christopher and Rothenberg, Christian E}
}

@misc{googlecardigan,
  key = "Cardigan",
  author = "Scott Whyte",
  title  = "{Project CARDIGAN An SDN Controlled Exchange Fabric}",
  howpublished = "\url{https://www.nanog.org/meetings/nanog57/presentations/Wednesday/wed.lightning3.whyte.sdn.controlled.exchange.fabric.pdf}",
  year = 2012
}
 

@misc{sdn-coursera,
   author = "{Coursera SDN Course}",
   note = "{\url{class.coursera.org/sdn-002/}}"
 }

@article{openflow,
  title={{OpenFlow}: Enabling innovation in campus networks},
  author={McKeown, Nick and Anderson, Tom and Balakrishnan, Hari and Parulkar, Guru and Peterson, Larry and Rexford, Jennifer and Shenker, Scott and Turner, Jonathan},
  journal=CCR,
  year={2008},
  publisher={ACM}
}

@Misc{of13,
  key =    {OpenFlow 1.3},
  howpublished = {\url{http://bit.ly/1eyrkxY}},
  title =    {OpenFlow 1.3 Specifications},
}


@misc{sdn-amsix,
  key = "sdn-amsix",
  title  = "{AMS-IX ARP Mitigation}",
  howpublished = "\url{www.nanog.org/sites/default/files/wed.general.pels_.arpmitigation.20(1).pdf}",
}


@misc{nildata,
  key = "OpenFlow for IXP",
  title  = "{Could IXPs Use OpenFlow To Scale?}",
  howpublished = "\url{http://www.menog.org/presentations/menog-12/116-Could_IXPs_Use_OpenFlow_To_Scale.pdf}",
  year = 2013
}

@misc{ams-ix,
  title  = "{AMS Internet Exchange}",
  howpublished = "\url{https://www.ams-ix.net/ams-ix-route-servers/}",
  key = {amsix},
  year = 2013
}

@inproceedings{B4,
 author = {Jain, Sushant and Kumar, Alok and Mandal, Subhashree and Ong, Joon and Poutievski, Leon and Singh, Arjun and Venkata, Subbaiah and Wanderer, Jim and Zhou, Junlan and Zhu, Min and Zolla, J. and H{\"o}lzle, Urs and Stuart, S. and Vahdat, Amin },
 title = {B4: Experience with a Globally-Deployed Software Defined {WAN}},
 booktitle = SIGCOMM,
 year = {2013},
}

@inproceedings{SDWAN_MSR,
 author = {Chi-Yao Hong and Srikanth Kandula and Ratul Mahajan and Ming Zhang and Vijay Gill and Mohan Nanduri and Roger Wattenhofer},
 title = {Achieving High Utilization with Software-Driven {WAN}},
 booktitle = SIGCOMM,
 year = {2013},
}


@article{arp-sponge,
  title={Minimizing ARP traffic in the AMS-IX switching platform using OpenFlow},
  author={Boteanu, Victor and Bagheri, Hanieh and Pels, Martin},
  year={2013},
}

@inproceedings{isdx,
 author = {Gupta, Arpit and MacDavid, Robert and Birkner, R\"{u}diger and Canini, Marco and Feamster, Nick and Rexford, Jennifer and Vanbever, Laurent},
 title = {An Industrial-scale Software Defined Internet Exchange Point},
 booktitle = {Proceedings of the 13th Usenix Conference on Networked Systems Design and Implementation},
 series = {NSDI'16},
 year = {2016},
 isbn = {978-1-931971-29-4},
 location = {Santa Clara, CA},
 pages = {1--14},
 numpages = {14},
 url = {http://dl.acm.org/citation.cfm?id=2930611.2930612},
 acmid = {2930612},
 publisher = {USENIX Association},
 address = {Berkeley, CA, USA},
}

@inproceedings{sdx,
 author = {Gupta, Arpit and Vanbever, Laurent and Shahbaz, Muhammad and Donovan, Sean P. and Schlinker, Brandon and Feamster, Nick and Rexford, Jennifer and Shenker, Scott and Clark, Russ and Katz-Bassett, Ethan},
 title = {SDX: A Software Defined Internet Exchange},
 booktitle = {Proceedings of the 2014 ACM Conference on SIGCOMM},
 series = {SIGCOMM '14},
 year = {2014},
 isbn = {978-1-4503-2836-4},
 location = {Chicago, Illinois, USA},
 pages = {551--562},
 numpages = {12},
 url = {http://doi.acm.org/10.1145/2619239.2626300},
 doi = {10.1145/2619239.2626300},
 acmid = {2626300},
 publisher = {ACM},
 address = {New York, NY, USA},
 keywords = {BGP, internet exchange point (IXP), software defined networking (SDN)},
}



@article{P4,
 author = {Bosshart, Pat and Daly, Dan and Gibb, Glen and Izzard, Martin and McKeown, Nick and Rexford, Jennifer and Schlesinger, Cole and Talayco, Dan and Vahdat, Amin and Varghese, George and Walker, David},
 title = {P4: Programming Protocol-independent Packet Processors},
 journal = {SIGCOMM Comput. Commun. Rev.},
 issue_date = {July 2014},
 volume = {44},
 number = {3},
 month = jul,
 year = {2014},
 issn = {0146-4833},
 pages = {87--95},
 numpages = {9},
 url = {http://doi.acm.org/10.1145/2656877.2656890},
 doi = {10.1145/2656877.2656890},
 acmid = {2656890},
 publisher = {ACM},
 address = {New York, NY, USA},
 keywords = {p4, protocol-independent, reconfigurability, sdn},
}

@inproceedings{flowtags,
 author = {Fayazbakhsh, Seyed Kaveh and Chiang, Luis and Sekar, Vyas and Yu, Minlan and Mogul, Jeffrey C.},
 title = {Enforcing Network-wide Policies in the Presence of Dynamic Middlebox Actions Using Flowtags},
 booktitle = {Proceedings of the 11th USENIX Conference on Networked Systems Design and Implementation},
 series = {NSDI'14},
 year = {2014},
 isbn = {978-1-931971-09-6},
 location = {Seattle, WA},
 pages = {533--546},
 numpages = {14},
 url = {http://dl.acm.org/citation.cfm?id=2616448.2616497},
 acmid = {2616497},
 publisher = {USENIX Association},
 address = {Berkeley, CA, USA},
} 

%%%%%%%%%%%%%%%%%%%%%%%%%%%%%%%%%%%%%%%%%%%%%%%%%%%%%%%%%%%%

@proceedings{sigcomm2010,
  booktitle = SIGCOMM, address="New Delhi, India",
  month = aug, year = 2010
}

@misc{mambretti,
author = "Joe Mambretti",
title = "Software-Defined Network Exchanges ({SDXs}) and Software-Defined Infrastructure ({SDI})",
note = "Presentation at the Workshop on Prototyping and Deploying Experimental Software Defined Exchanges ({SDXs})",
month = JUN,
year = 2014
}


@misc{www-fiu,
title = "{AtlanticWave-SDX}: A Distributed Intercontintal Experimental Software Defined Exchange for Research \& Education Networking",
note = "\url{https://itnews.fiu.edu/wp-content/uploads/sites/8/2015/04/AtlanticWaveSDX-Press-Release_FinalDraft.pdf}",
month = APR,
year = 2015
}

@misc{touIX,
author = {{LightReading}},
title = {{Pica8 Powers French TOUIX SDN-Driven Internet Exchange}},
note = {\url{http://ubm.io/1Vc0SLE}},
month = Jun,
year = 2015
}

@misc{RIPE-RIS,
author={RIPE},
title={RIS Raw Data},
note={\url{https://www.ripe.net/analyse/internet-measurements/routing-information-service-ris/ris-raw-data}},
year=2015
}

@misc{rfc3031,
author = "E. Rosen and A. Viswanathan and R. Callon",
title = "{Multiprotocol Label Switching Architecture}",
note = "{RFC 3031}",
month = JAN,
year = 2001
}


